<record><leader>00000cas a22000007a 4500</leader><controlfield tag="001">15311752</controlfield><controlfield tag="008">870313d18871893paudn ne      0    0eng d</controlfield><datafield ind1=" " ind2=" " tag="010"><subfield code="a">sn 87080206 </subfield></datafield><datafield ind1=" " ind2=" " tag="040"><subfield code="a">NPH</subfield><subfield code="b">eng</subfield><subfield code="c">NPH</subfield><subfield code="d">OCLCQ</subfield></datafield><datafield ind1=" " ind2=" " tag="042"><subfield code="a">msc</subfield></datafield><datafield ind1="0" ind2=" " tag="130"><subfield code="a">Evening herald (Philadelphia, Pa. : 1887)</subfield></datafield><datafield ind1="1" ind2="0" tag="245"><subfield code="a">Evening herald.</subfield></datafield><datafield ind1="1" ind2="7" tag="246"><subfield code="a">Philadelphia evening herald</subfield></datafield><datafield ind1=" " ind2=" " tag="260"><subfield code="a">Philadelphia [Pa.] :</subfield><subfield code="b">Herald Co.</subfield></datafield><datafield ind1=" " ind2=" " tag="300"><subfield code="a">v. :</subfield><subfield code="b">ill. ;</subfield><subfield code="c">60 cm.</subfield></datafield><datafield ind1=" " ind2=" " tag="310"><subfield code="a">Daily (except Sun.)</subfield></datafield><datafield ind1="1" ind2=" " tag="362"><subfield code="a">Began 1887; ceased 1893.</subfield><subfield code="z">Cf. A Checklist of Pa. newspapers.</subfield></datafield><datafield ind1=" " ind2=" " tag="588"><subfield code="a">Description based on: Vol. 42, no. 90 (Jan. 24, 1888).</subfield></datafield><datafield ind1=" " ind2=" " tag="752"><subfield code="a">United States</subfield><subfield code="b">Pennsylvania</subfield><subfield code="c">Philadelphia</subfield><subfield code="d">Philadelphia.</subfield></datafield><datafield ind1="0" ind2="0" tag="780"><subfield code="t">Daily herald and evening chronicle</subfield><subfield code="w">(DLC)sn 87080205</subfield></datafield><datafield ind1="0" ind2="0" tag="785"><subfield code="t">Evening post herald</subfield></datafield></record>